@book{Lopez23,
  author = {Marcos López de Prado},
  title = {Causal Factor Investing},
  year = {2023},
  publisher = {Cambridge University Press}
}

@article{LopezDePrado25,
  author = {Marcos López de Prado},
  title = {A Protocol for Causal Factor Investing},
  journal = {The Journal of Financial Data Science},
  year = {2025},
  volume = {7},
  number = {1},
  pages = {1--31},
  doi = {10.3905/jfds.2025.1.199}
}

@misc{Torous24,
  author = {William Torous and Florian Gunsilius and Philippe Rigollet},
  title = {An optimal transport approach to estimating causal effects via nonlinear difference-in-differences},
  year = {2024},
  eprint = {2108.05858},
  archivePrefix = {arXiv},
  primaryClass = {econ.EM}
}

@inproceedings{Tu22,
  author = {Runchao Tu and Kun Zhang and Hedvig Kjellström and Cheng Zhang},
  title = {Optimal Transport for Causal Discovery},
  booktitle = {International Conference on Learning Representations (ICLR)},
  year = {2022}
}

@misc{Charpentier23,
  author = {Arthur Charpentier and Emmanuel Flachaire and Eric Gallic},
  title = {Optimal Transport for Counterfactual Estimation: A Method for Causal Inference},
  year = {2023},
  eprint = {2301.07755},
  archivePrefix = {arXiv},
  primaryClass = {stat.ME}
}

@misc{Athey16,
  author = {Susan Athey and Guido W. Imbens},
  title = {The State of Applied Econometrics: Causality and Policy Evaluation},
  year = {2016},
  eprint = {1607.00699},
  archivePrefix = {arXiv},
  primaryClass = {econ.EM}
}

@article{Imbens24,
  author = {Guido W. Imbens},
  title = {Causal Inference in the Social Sciences},
  journal = {Annual Review of Statistics and Its Application},
  volume = {11},
  pages = {123--152},
  year = {2024}
}

@article{Cuturi13,
  author  = {Marco Cuturi},
  title   = {Sinkhorn Distances: Lightspeed Computation of Optimal Transport},
  journal = {Advances in Neural Information Processing Systems},
  year    = {2013},
  volume  = {26}
}

@article{Athey06,
  author  = {Susan Athey and Guido W. Imbens},
  title   = {Identification and Inference in Nonlinear Difference-in-Differences Models},
  journal = {Econometrica},
  year    = {2006},
  volume  = {74},
  number  = {2},
  pages   = {431--497}
}

@article{Rosenbaum83,
  author  = {Paul R. Rosenbaum and Donald B. Rubin},
  title   = {The Central Role of the Propensity Score in Observational Studies for Causal Effects},
  journal = {Biometrika},
  year    = {1983},
  volume  = {70},
  number  = {1},
  pages   = {41--55}
}

@book{AngristPischke09,
  author    = {Joshua D. Angrist and Jörn‐Steffen Pischke},
  title     = {Mostly Harmless Econometrics},
  publisher = {Princeton University Press},
  year      = {2009}
}

@article{Kuhn55,
  author  = {Harold W. Kuhn},
  title   = {The Hungarian Method for the Assignment Problem},
  journal = {Naval Research Logistics Quarterly},
  year    = {1955},
  volume  = {2},
  pages   = {83--97}
}

@inproceedings{Hoyer09,
  author    = {Patrik O. Hoyer and Dominik Janzing and Joris M. Mooij and Jonas Peters and Bernhard Schölkopf},
  title     = {Nonlinear Causal Discovery with Additive Noise Models},
  booktitle = {NIPS},
  year      = {2009}
}

@article{FamaFrench93,
  author  = {Eugene F. Fama and Kenneth R. French},
  title   = {Common Risk Factors in the Returns on Stocks and Bonds},
  journal = {Journal of Financial Economics},
  year    = {1993},
  volume  = {33},
  number  = {1},
  pages   = {3--56}
}

@article{Granger69,
  author  = {Clive W. J. Granger},
  title   = {Investigating Causal Relations by Econometric Models and Cross-Spectral Methods},
  journal = {Econometrica},
  year    = {1969},
  volume  = {37},
  number  = {3},
  pages   = {424--438}
}

@misc{FrenchData2024,
  author = {{Kenneth R. French}},
  title = {Data Library},
  year = {2024},
  url = {https://mba.tuck.dartmouth.edu/pages/faculty/ken.french/data_library.html},
  note = {Accessed: 2025}
}

@misc{AlameriGitHub2025,
  author = {{Saeed Alameri}},
  title = {Causality and Optimal Transport in Factor Investing: Implementation and Analysis Code},
  year = {2025},
  url = {https://github.com/SaeedAnalysis/CausalityAndOTInFactorInvesting},
  note = {GitHub repository containing all code and data for thesis analysis}
}

@article{Flamary21,
  author = {R{\'e}mi Flamary and Nicolas Courty and Alexandre Gramfort and Mokhtar Z. Alaya and Aur{\'e}lie Boisbunon and Stanislas Chambon and Laetitia Chapel and Adrien Corenflos and Kilian Fatras and Nemo Fournier and L{\'e}o Gautheron and Nathalie T.H. Gayraud and Hicham Janati and Alain Rakotomamonjy and Ievgen Redko and Antoine Rolet and Antony Schutz and Vivien Seguy and Danica J. Sutherland and Romain Tavenard and Alexander Tong and Titouan Vayer},
  title = {POT: Python Optimal Transport},
  journal = {Journal of Machine Learning Research},
  year = {2021},
  volume = {22},
  number = {78},
  pages = {1--8},
  url = {http://jmlr.org/papers/v22/20-451.html}
}

@article{Stuart10,
  author = {Elizabeth A. Stuart},
  title = {Matching Methods for Causal Inference: A Review and a Look Forward},
  journal = {Statistical Science},
  year = {2010},
  volume = {25},
  number = {1},
  pages = {1--21},
  doi = {10.1214/09-STS313}
}

@book{Spirtes00,
  author = {Peter Spirtes and Clark N. Glymour and Richard Scheines},
  title = {Causation, Prediction, and Search},
  edition = {2nd},
  publisher = {MIT Press},
  year = {2000}
}

@book{Hyvarinen01,
  author = {Aapo Hyvärinen and Juha Karhunen and Erkki Oja},
  title = {Independent Component Analysis},
  publisher = {John Wiley \& Sons},
  year = {2001}
}

@article{Hyvarinen12,
  author = {Aapo Hyvärinen and Kun Zhang and Shohei Shimizu and Patrik O. Hoyer},
  title = {Estimation of a Structural Vector Autoregression Model Using Non-Gaussianity},
  journal = {Journal of Machine Learning Research},
  year = {2010},
  volume = {11},
  pages = {1709--1731},
  note = {Demonstrates identifiability of linear non-Gaussian causal models}
}



